<record><leader>00000cas a22000007a 4500</leader><controlfield tag="001">24103551</controlfield><controlfield tag="008">910719d19641973aruwr ne      0    0eng d</controlfield><datafield ind1=" " ind2=" " tag="010"><subfield code="a">sn 91050114 </subfield></datafield><datafield ind1=" " ind2=" " tag="040"><subfield code="a">ANU</subfield><subfield code="b">eng</subfield><subfield code="c">ANU</subfield><subfield code="d">OCLCQ</subfield><subfield code="d">OCLCF</subfield><subfield code="d">OCLCO</subfield></datafield><datafield ind1="1" ind2=" " tag="029"><subfield code="a">AU@</subfield><subfield code="b">000025858187</subfield></datafield><datafield ind1=" " ind2=" " tag="042"><subfield code="a">msc</subfield></datafield><datafield ind1=" " ind2=" " tag="043"><subfield code="a">n-us-ar</subfield></datafield><datafield ind1="0" ind2="0" tag="245"><subfield code="a">Petit Jean country Conway County headlight.</subfield></datafield><datafield ind1="1" ind2="3" tag="246"><subfield code="a">Petit Jean country headlight</subfield></datafield><datafield ind1=" " ind2=" " tag="260"><subfield code="a">Morrilton, Ark. :</subfield><subfield code="b">Morrilton Pub. Co.</subfield></datafield><datafield ind1=" " ind2=" " tag="300"><subfield code="a">v.</subfield></datafield><datafield ind1=" " ind2=" " tag="310"><subfield code="a">Weekly</subfield></datafield><datafield ind1="0" ind2=" " tag="362"><subfield code="a">Vol. 85, no. 16 (Sept. 23, 1964)-v. 93, no. 37 (Feb. 7, 1973).</subfield></datafield><datafield ind1=" " ind2="0" tag="651"><subfield code="a">Morrilton (Ark.)</subfield><subfield code="v">Newspapers.</subfield></datafield><datafield ind1=" " ind2="7" tag="655"><subfield code="a">Newspapers.</subfield><subfield code="2">fast</subfield><subfield code="0">(OCoLC)fst01423814</subfield></datafield><datafield ind1=" " ind2="7" tag="651"><subfield code="a">Arkansas</subfield><subfield code="z">Morrilton.</subfield><subfield code="2">fast</subfield><subfield code="0">(OCoLC)fst01230973</subfield></datafield><datafield ind1=" " ind2=" " tag="752"><subfield code="a">United States</subfield><subfield code="b">Arkansas</subfield><subfield code="c">Conway</subfield><subfield code="d">Morrilton.</subfield></datafield><datafield ind1="0" ind2=" " tag="775"><subfield code="t">Petit Jean country headlight (Perryville, Ark.)</subfield><subfield code="w">(DLC)sn 91050099</subfield></datafield><datafield ind1="0" ind2="0" tag="780"><subfield code="t">Petit Jean country headlight (Morrilton, Ark. : 1964)</subfield><subfield code="w">(DLC)sn 82016263</subfield></datafield><datafield ind1="0" ind2="0" tag="785"><subfield code="t">Petit Jean country headlight (Morrilton, Ark. : 1973)</subfield><subfield code="w">(DLC)sn 91050115</subfield></datafield></record>